<record><leader>00000cas a2200000 a 4500</leader><controlfield tag="001">13142070</controlfield><controlfield tag="008">860212c19739999ncuir ne      0   a0eng c</controlfield><datafield ind1=" " ind2=" " tag="010"><subfield code="a">sn 93006096 </subfield></datafield><datafield ind1=" " ind2=" " tag="040"><subfield code="a">NCS</subfield><subfield code="b">eng</subfield><subfield code="c">NCS</subfield><subfield code="d">NSD</subfield><subfield code="d">NVJ</subfield><subfield code="d">OCLCQ</subfield><subfield code="d">OCLCF</subfield><subfield code="d">OCLCO</subfield></datafield><datafield ind1=" " ind2=" " tag="012"><subfield code="m">1</subfield></datafield><datafield ind1="1" ind2=" " tag="022"><subfield code="a">1069-4722</subfield><subfield code="l">1069-4722</subfield><subfield code="2">1</subfield></datafield><datafield ind1="1" ind2=" " tag="029"><subfield code="a">AU@</subfield><subfield code="b">000025906072</subfield></datafield><datafield ind1=" " ind2=" " tag="032"><subfield code="a">120260</subfield><subfield code="b">USPS</subfield></datafield><datafield ind1=" " ind2=" " tag="037"><subfield code="b">Times Printing Co., Inc., 503 Budleigh St., Manteo, NC 27954</subfield></datafield><datafield ind1=" " ind2=" " tag="042"><subfield code="a">nsdp</subfield><subfield code="a">pcc</subfield></datafield><datafield ind1=" " ind2=" " tag="043"><subfield code="a">n-us-nc</subfield></datafield><datafield ind1=" " ind2="4" tag="222"><subfield code="a">The coastland times</subfield></datafield><datafield ind1="0" ind2="4" tag="245"><subfield code="a">The coastland times.</subfield></datafield><datafield ind1="1" ind2="3" tag="246"><subfield code="a">Coastlander</subfield></datafield><datafield ind1=" " ind2=" " tag="260"><subfield code="a">Manteo, N.C. :</subfield><subfield code="b">Times Print. Co.</subfield></datafield><datafield ind1=" " ind2=" " tag="300"><subfield code="a">v. :</subfield><subfield code="b">ill. ;</subfield><subfield code="c">58 cm.</subfield></datafield><datafield ind1=" " ind2=" " tag="310"><subfield code="a">Three times a week (Tuesday, Thursday, Sunday),</subfield><subfield code="b">July 7, 1985-</subfield></datafield><datafield ind1=" " ind2=" " tag="321"><subfield code="a">Semiweekly,</subfield><subfield code="b">Feb. 20, 1973-July 4, 1985</subfield></datafield><datafield ind1="0" ind2=" " tag="362"><subfield code="a">Vol. 38, no. 34 (Feb. 20, 1973)-</subfield></datafield><datafield ind1=" " ind2=" " tag="500"><subfield code="a">Independent.</subfield></datafield><datafield ind1=" " ind2=" " tag="500"><subfield code="a">Monthly supplement entitled Coastlander, issued &lt;May 27, 1980-July 13, 1983&gt;.</subfield></datafield><datafield ind1=" " ind2=" " tag="588"><subfield code="a">Latest issue consulted: Vol. 58, no. 108 (Mar. 14, 1993).</subfield></datafield><datafield ind1=" " ind2="0" tag="651"><subfield code="a">Manteo (N.C.)</subfield><subfield code="v">Newspapers.</subfield></datafield><datafield ind1=" " ind2="0" tag="651"><subfield code="a">Kill Devil Hills (N.C.)</subfield><subfield code="v">Newspapers.</subfield></datafield><datafield ind1=" " ind2="0" tag="651"><subfield code="a">Dare County (N.C.)</subfield><subfield code="v">Newspapers.</subfield></datafield><datafield ind1=" " ind2="7" tag="655"><subfield code="a">Newspapers.</subfield><subfield code="2">fast</subfield><subfield code="0">(OCoLC)fst01423814</subfield></datafield><datafield ind1=" " ind2="7" tag="651"><subfield code="a">North Carolina</subfield><subfield code="z">Dare County.</subfield><subfield code="2">fast</subfield><subfield code="0">(OCoLC)fst01220347</subfield></datafield><datafield ind1=" " ind2="7" tag="651"><subfield code="a">North Carolina</subfield><subfield code="z">Kill Devil Hills.</subfield><subfield code="2">fast</subfield><subfield code="0">(OCoLC)fst01203395</subfield></datafield><datafield ind1=" " ind2="7" tag="651"><subfield code="a">North Carolina</subfield><subfield code="z">Manteo.</subfield><subfield code="2">fast</subfield><subfield code="0">(OCoLC)fst01203401</subfield></datafield><datafield ind1=" " ind2=" " tag="752"><subfield code="a">United States</subfield><subfield code="b">North Carolina</subfield><subfield code="c">Dare</subfield><subfield code="d">Manteo.</subfield></datafield><datafield ind1=" " ind2=" " tag="752"><subfield code="a">United States</subfield><subfield code="b">North Carolina</subfield><subfield code="c">Dare</subfield><subfield code="d">Kill Devil Hills.</subfield></datafield><datafield ind1="0" ind2="0" tag="780"><subfield code="t">Coastland times with which is combined the pilot and herald of Belhaven and Swan Quarter</subfield><subfield code="w">(DLC)sn 99061532</subfield></datafield></record>